<?xml version="1.0" encoding="UTF-8" ?>
<collection xmlns:xsi="http://www.w3.org/2001/XMLSchema-instance" xsi:schemaLocation="http://www.loc.gov/MARC21/slim http://www.loc.gov/standards/marcxml/schema/MARC21slim.xsd" xmlns="http://www.loc.gov/MARC21/slim">
   <record>
      <leader>     cam a22     I  4500</leader>
      <controlfield tag="001">6169857</controlfield>
      <controlfield tag="003">COO</controlfield>
      <controlfield tag="005">20100908094026.0</controlfield>
      <controlfield tag="008">900517s1933    ua h          000 0 arar </controlfield>
      <datafield tag="010" ind1=" " ind2=" ">
         <subfield code="a">   59036702 </subfield>
      </datafield>
      <datafield tag="035" ind1=" " ind2=" ">
         <subfield code="a">6169857</subfield>
      </datafield>
      <datafield tag="040" ind1=" " ind2=" ">
         <subfield code="a">DLC</subfield>
         <subfield code="c">WAU</subfield>
      </datafield>
      <datafield tag="035" ind1=" " ind2=" ">
         <subfield code="a">(OCoLC)21552380</subfield>
      </datafield>
      <datafield tag="050" ind1="0" ind2=" ">
         <subfield code="a">PT6617.B8</subfield>
         <subfield code="b">M89</subfield>
      </datafield>
      <datafield tag="100" ind1="1" ind2=" ">
         <subfield code="a">Yāzijī, Ibrāhīm,</subfield>
         <subfield code="d">1847-1906.</subfield>
      </datafield>
      <datafield tag="245" ind1="1" ind2="0">
         <subfield code="a">Tanbīhāt al-Yāzijī ʻalá Muḥīṭ al-Bustānī,</subfield>
         <subfield code="c">Jamaʻahā wa-ḥalla rumūzahā Salīm Shamʻūn wa-Jibrān al-Naḥad.</subfield>
         <subfield code="p">Bāb al-hamzah.</subfield>
      </datafield>
      <datafield tag="260" ind1=" " ind2=" ">
         <subfield code="a">al-Iskandarīyah,</subfield>
         <subfield code="b">Maṭbaʻat Ṣalāḥ al-Dīn,</subfield>
         <subfield code="c">[1933]</subfield>
      </datafield>
      <datafield tag="300" ind1=" " ind2=" ">
         <subfield code="a">100 p.</subfield>
         <subfield code="b">facsims,</subfield>
         <subfield code="c">28 cm.</subfield>
      </datafield>
      <datafield tag="500" ind1=" " ind2=" ">
         <subfield code="a">Cover title: Tanbihat-ul Yazigy ʾala Muhit-il-Bustany, recueillis &amp; commentés par S. Shamoun &amp; G. J. Nahas.</subfield>
      </datafield>
      <datafield tag="500" ind1=" " ind2=" ">
         <subfield code="a">No more published?</subfield>
      </datafield>
      <datafield tag="600" ind1="1" ind2="0">
         <subfield code="a">Bustānī, Buṭrus,</subfield>
         <subfield code="d">1819-1883.</subfield>
         <subfield code="t">Muḥīt al-muḥīt.</subfield>
      </datafield>
      <datafield tag="948" ind1="0" ind2=" ">
         <subfield code="a">20071130</subfield>
         <subfield code="b">i</subfield>
         <subfield code="d">hne2</subfield>
         <subfield code="e">lts</subfield>
         <subfield code="h">appr</subfield>
      </datafield>
      <datafield tag="948" ind1="1" ind2=" ">
         <subfield code="a">20071130</subfield>
         <subfield code="b">f</subfield>
         <subfield code="d">hne2</subfield>
         <subfield code="e">lts</subfield>
      </datafield>
      <datafield tag="948" ind1="2" ind2=" ">
         <subfield code="a">20100908</subfield>
         <subfield code="b">m</subfield>
         <subfield code="d">batch</subfield>
         <subfield code="e">lts</subfield>
         <subfield code="x">del9XXtxt</subfield>
      </datafield>
      <datafield tag="995" ind1=" " ind2=" ">
         <subfield code="a">Hivolm</subfield>
         <subfield code="d">20100908</subfield>
      </datafield>
      <datafield tag="903" ind1=" " ind2=" ">
         <subfield code="a">NYUACO</subfield>
         <subfield code="d">20131119</subfield>
         <subfield code="p">31924107317699</subfield>
      </datafield>
      <datafield tag="950" ind1=" " ind2=" ">
         <subfield code="a">Oversize</subfield>
         <subfield code="b">PT6617.B8 M89 +</subfield>
         <subfield code="v"> </subfield>
      </datafield>
   </record>
</collection>
